<?xml version="1.0" encoding="UTF-8"?>
<marc:record xmlns:marc="http://www.loc.gov/MARC21/slim"
             xmlns:xsi="http://www.w3.org/2001/XMLSchema-instance"
             xsi:schemaLocation="http://www.loc.gov/MARC21/slim http://www.loc.gov/standards/marcxml/schema/MARC21slim.xsd">
    <marc:leader>00422nam a2200145 a 45 0</marc:leader>
    <marc:controlfield tag="001">1017706</marc:controlfield>
    <marc:controlfield tag="003">NL-AMISG</marc:controlfield>
    <marc:controlfield tag="005">19980128151520.0</marc:controlfield>
    <marc:controlfield tag="008">199801suuuuuuuuhk |||||||||||||||||eng d</marc:controlfield>
    <marc:datafield ind1=" " ind2=" " tag="035">
        <marc:subfield code="a">(IISG)IISGb10794203</marc:subfield>
    </marc:datafield>
    <marc:datafield ind1=" " ind2=" " tag="040">
        <marc:subfield code="a">NL-AmISG</marc:subfield>
    </marc:datafield>
    <marc:datafield ind1="0" ind2=" " tag="041">
        <marc:subfield code="a">eng</marc:subfield>
    </marc:datafield>
    <marc:datafield ind1=" " ind2=" " tag="044">
        <marc:subfield code="a">hk</marc:subfield>
    </marc:datafield>
    <marc:datafield ind1="1" ind2="4" tag="245">
        <marc:subfield code="a">The Asiaweek 1000 :</marc:subfield>
        <marc:subfield code="b">the region's largest companies.</marc:subfield>
    </marc:datafield>
    <marc:datafield ind1=" " ind2=" " tag="260">
        <marc:subfield code="a">Hong Kong :</marc:subfield>
        <marc:subfield code="b">Asiaweek,</marc:subfield>
        <marc:subfield code="c">1997.</marc:subfield>
    </marc:datafield>
    <marc:datafield ind1=" " ind2=" " tag="500">
        <marc:subfield code="a">In: Asiaweek. - Hong Kong. - (1997):special collectors' edition ;
            p.54-73.
        </marc:subfield>
    </marc:datafield>
    <marc:datafield ind1="4" ind2=" " tag="852">
        <marc:subfield code="a">IISG</marc:subfield>
        <marc:subfield code="b">IISG</marc:subfield>
        <marc:subfield code="c">NEHA</marc:subfield>
        <marc:subfield code="j">ZK 71829/1997 spec. ed</marc:subfield>
        <marc:subfield code="n">Available</marc:subfield>
        <marc:subfield code="p">N10578584</marc:subfield>
    </marc:datafield>
    <marc:datafield ind1=" " ind2=" " tag="901">
        <marc:subfield code="a">1017706</marc:subfield>
        <marc:subfield code="b">Unknown</marc:subfield>
        <marc:subfield code="c">1017706</marc:subfield>
        <marc:subfield code="t">biblio</marc:subfield>
    </marc:datafield>
    <marc:datafield ind1=" " ind2=" " tag="902">
        <marc:subfield code="a">10622/C3BCFEE7-84C1-4361-840C-D634932959C4</marc:subfield>
    </marc:datafield>
</marc:record>